@inproceedings{lozov2019relational,
  title={Relational Interpreters for Search Problems},
  author={Lozov, Petr and Verbitskaia, Ekaterina and Boulytchev, Dmitry},
  booktitle={Relational Programming Workshop},
  pages={43},
  year={2019}
}

@book{jones1993partial,
  title={Partial evaluation and automatic program generation},
  author={Jones, Neil D and Gomard, Carsten K and Sestoft, Peter},
  year={1993},
  publisher={Peter Sestoft}
}

@article{soerensen1996positive,
  title={A positive supercompiler},
  author={Soerensen, Morten Heine and Gl{\"u}ck, Robert and Jones, Neil D.},
  journal={Journal of functional programming},
  volume={6},
  number={6},
  pages={811--838},
  year={1996},
  publisher={Cambridge University Press}
}

@article{de1999conjunctive,
  title={Conjunctive partial deduction: Foundations, control, algorithms, and experiments},
  author={De Schreye, Danny and Gl{\"u}ck, Robert and J{\o}rgensen, Jesper and Leuschel, Michael and Martens, Bern and S{\o}rensen, Morten Heine},
  journal={The Journal of Logic Programming},
  volume={41},
  number={2-3},
  pages={231--277},
  year={1999},
  publisher={Elsevier}
}