@inproceedings{lozov2019relational,
  title={Relational Interpreters for Search Problems},
  author={Lozov, Petr and Verbitskaia, Ekaterina and Boulytchev, Dmitry},
  booktitle={Relational Programming Workshop},
  pages={43},
  year={2019}
}

@inproceedings{hemann2013ukanren,
  title={uKanren: A Minimal Functional Core for Relational Programming},
  author={Hemann, Jason and Friedman, Daniel P.},
  year={2013}
}

@inproceedings{rozplokhas2018improving,
  title={Improving Refutational Completeness of Relational Search via Divergence Test},
  author={Rozplokhas, Dmitri and Boulytchev, Dmitri},
  booktitle={Proceedings of the 20th International Symposium on Principles and Practice of Declarative Programming},
  pages={1--13},
  year={2018}
}